% Referências no formato bibTex

@book{agarwal2021-learning_representations,
  author    = {Apoorv Agarwal and Claire Cardie},
  title     = {Learning Representations for Text},
  publisher = {Morgan \& Claypool Publishers},
  year      = {2021}
}

@article{alexandrino2017,
  author    = {Eduardo Gauze Alexandrino and others},
  title     = {Desafios dos alunos com deficiência visual no ensino superior: um relato de experiência},
  journal   = {Revista do Departamento de Educação Física e Saúde e do Mestrado em Promoção da Saúde},
  volume    = {18},
  number    = {1},
  pages     = {1--7},
  year      = {2017},
  address   = {Santa Cruz do Sul}
}

@article{bochkovskiy2020,
  author    = {Alexey Bochkovskiy and Chien-Yao Wang and Hong-Yuan Mark Liao},
  title     = {{YOLOv4}: Optimal Speed and Accuracy of Object Detection},
  journal   = {arXiv preprint arXiv:2004.10934},
  year      = {2020}
}

@book{chollet2021,
  author    = {Francois Chollet},
  title     = {Deep Learning with Python},
  publisher = {Simon and Schuster},
  year      = {2021}
}

@book{correll2022,
  author    = {Nikolaus Correll and others},
  title     = {Introduction to Autonomous Robots: Mechanisms, Sensors, Actuators, and Algorithms},
  publisher = {MIT Press},
  year      = {2022}
}

@book{chan2005,
  author    = {Tony F. Chan and Jianhong Shen},
  title     = {Image Processing and Analysis: Variational, {PDE}, Wavelet, and Stochastic Methods},
  publisher = {Society for Industrial and Applied Mathematics},
  year      = {2005}
}

@article{depaula2008,
  author    = {Sônia Maria Chadi de Paula Arruda},
  title     = {Acessibilidade no cotidiano de pessoas com deficiência visual},
  journal   = {Revista@mbienteeducação},
  volume    = {1},
  number    = {2},
  year      = {2008}
}

@book{forsyth2002,
  author    = {David A. Forsyth and Jean Ponce},
  title     = {Computer Vision: A Modern Approach},
  publisher = {Prentice Hall Professional Technical Reference},
  year      = {2002}
}

@article{gautam2021,
  author    = {Aayushi Gautam and Sukhwinder Singh},
  title     = {Deep Learning Based Object Detection Combined with Internet of Things for Remote Surveillance},
  journal   = {Wireless Personal Communications},
  volume    = {118},
  number    = {4},
  pages     = {2121--2140},
  year      = {2021}
}

@book{geron2022,
  author    = {Aurélien Géron},
  title     = {Hands-on Machine Learning with Scikit-Learn, Keras, and TensorFlow},
  publisher = {O'Reilly Media, Inc.},
  year      = {2022}
}

@inproceedings{girshick2014,
  author    = {Ross Girshick and Jeff Donahue and Trevor Darrell and Jitendra Malik},
  title     = {Rich Feature Hierarchies for Accurate Object Detection and Semantic Segmentation},
  booktitle = {Proceedings of the {IEEE} Conference on Computer Vision and Pattern Recognition},
  pages     = {580--587},
  year      = {2014}
}

@book{goodfellow2016,
  author    = {Ian Goodfellow and Yoshua Bengio and Aaron Courville},
  title     = {Deep Learning},
  publisher = {MIT Press},
  year      = {2016}
}

@article{gu2018,
  author    = {Jiuxiang Gu and Zhenhao Wang and James T. Kwok and Gang Tang},
  title     = {Recent Advances in Convolutional Neural Networks},
  journal   = {Pattern Recognition},
  volume    = {77},
  pages     = {354--377},
  year      = {2018}
}

@book{hassaballah2020,
  editor    = {Mahmoud Hassaballah and Ali Ismail Awad},
  title     = {Deep Learning in Computer Vision: Principles and Applications},
  publisher = {CRC Press},
  year      = {2020}
}

@book{howse2020,
  author    = {Joseph Howse and Joe Minichino},
  title     = {Learning {OpenCV} 4 Computer Vision with Python 3: Get to Grips with Tools, Techniques, and Algorithms for Computer Vision and Machine Learning},
  publisher = {Packt Publishing Ltd},
  year      = {2020}
}

@book{kelly2013,
  author    = {Alonzo Kelly},
  title     = {Mobile Robotics: Mathematics, Models, and Methods},
  publisher = {Cambridge University Press},
  year      = {2013}
}

@article{krizhevsky2012,
  author    = {Alex Krizhevsky and Ilya Sutskever and Geoffrey E. Hinton},
  title     = {{ImageNet} Classification with Deep Convolutional Neural Networks},
  journal   = {Communications of the {ACM}},
  volume    = {60},
  number    = {6},
  pages     = {84--90},
  year      = {2012}
}

@article{lecun2015,
  author    = {Yann LeCun and Yoshua Bengio and Geoffrey Hinton},
  title     = {Deep Learning},
  journal   = {Nature},
  volume    = {521},
  number    = {7553},
  pages     = {436--444},
  year      = {2015}
}

@inproceedings{liu2016,
  author    = {Wei Liu and Dragomir Anguelov and Dumitru Erhan and Christian Szegedy and Scott Reed and Cheng-Yang Fu and Alexander C. Berg},
  title     = {{SSD}: Single Shot MultiBox Detector},
  booktitle = {European Conference on Computer Vision},
  series    = {Lecture Notes in Computer Science},
  pages     = {21--37},
  year      = {2016},
  publisher = {Springer}
}

@article{pintanel2013,
  author    = {Aline Campelo Pintanel and Giovana Calcagno Gomes and Daiani Modernel Xavier},
  title     = {Mães de crianças com deficiência visual: dificuldades e facilidades enfrentadas no cuidado},
  journal   = {Revista Gaúcha de Enfermagem},
  volume    = {34},
  pages     = {86--92},
  year      = {2013}
}

@article{quintero2022,
  author    = {Christian Quintero},
  title     = {A Review: Accessible Technology Through Participatory Design},
  journal   = {Disability and Rehabilitation: Assistive Technology},
  volume    = {17},
  number    = {4},
  pages     = {369--375},
  year      = {2022}
}

@inproceedings{redmon2016,
  author    = {Joseph Redmon and Santosh Divvala and Ross Girshick and Ali Farhadi},
  title     = {You Only Look Once: Unified, Real-Time Object Detection},
  booktitle = {Proceedings of the {IEEE} Conference on Computer Vision and Pattern Recognition},
  pages     = {779--788},
  year      = {2016}
}

@article{redmon2018,
  author    = {Joseph Redmon and Ali Farhadi},
  title     = {{YOLOv3}: An Incremental Improvement},
  journal   = {arXiv preprint arXiv:1804.02767},
  year      = {2018}
}

@inproceedings{ren2015,
  author    = {Shaoqing Ren and Kaiming He and Ross Girshick and Jian Sun},
  title     = {Faster {R-CNN}: Towards Real-Time Object Detection with Region Proposal Networks},
  booktitle = {Advances in Neural Information Processing Systems},
  pages     = {91--99},
  year      = {2015}
}

@article{soares2017,
  author    = {Juliana Maria Moreira Soares and others},
  title     = {Tecnologia Assistiva: revisão de aspectos relacionados ao tema},
  journal   = {Revista Espacios},
  volume    = {38},
  number    = {13},
  pages     = {8},
  year      = {2017}
}

@book{szeliski2022,
  author    = {Richard Szeliski},
  title     = {Computer Vision: Algorithms and Applications},
  publisher = {Springer Nature},
  year      = {2022}
}

@misc{IBGE2023,
  author       = {{Instituto Brasileiro de Geografia e Estatística}},
  title        = {Censo demográfico 2022: população cresce, mas ritmo diminui},
  year         = {2023},
  howpublished = {\url{https://agenciadenoticias.ibge.gov.br}},
  note         = {Acesso em: 08 maio 2025}
}

@book{Brasil2008,
  author    = {{Brasil}},
  title     = {Política Nacional de Educação Especial na Perspectiva da Educação Inclusiva},
  publisher = {Ministério da Educação, Secretaria de Educação Especial},
  year      = {2008}
}

@article{Pereira2021,
  author  = {Pereira, Ana Lúcia and Souza, Marcos Vinícius and Rocha, Guilherme C.},
  title   = {Tecnologias assistivas para mobilidade de deficientes visuais: uma revisão sistemática},
  journal = {Revista Brasileira de Inclusão},
  volume  = {13},
  number  = {1},
  pages   = {45--60},
  year    = {2021}
}

@article{Oliveira2019,
  author  = {Oliveira, João Pedro and Costa, Fernanda Ribeiro},
  title   = {Desafios da acessibilidade em instituições federais de ensino superior: estudo de caso na UFMG},
  journal = {Cadernos de Acessibilidade},
  volume  = {5},
  number  = {2},
  pages   = {112--130},
  year    = {2019}
}

@article{Silva2020,
  author  = {Silva, Juliana and Almeida, Rodrigo},
  title   = {Desigualdades no acesso e permanência de estudantes com deficiência no ensino superior},
  journal = {Revista Educação e Sociedade},
  volume  = {41},
  number  = {150},
  pages   = {1--20},
  year    = {2020}
}

@misc{ABNT2004,
  author = {{Associação Brasileira de Normas Técnicas}},
  title = {Tecnologia assistiva – terminologia},
  year = {2004},
  note = {ABNT NBR ISO/IEC 9999},
  howpublished = {\url{https://www.abnt.org.br}}
}

@article{Goodrich2020,
  author  = {Goodrich, Michael and Wagner, Aaron and Wilkins, Rachel},
  title   = {Computer vision and assistive technology: A systematic review},
  journal = {Journal of Assistive Technologies},
  volume  = {14},
  number  = {3},
  pages   = {145--161},
  year    = {2020}
}

@article{Li2021,
  author  = {Li, Jing and Chiu, Ka Wai and Zhang, Wei},
  title   = {Evaluation of wearable vision systems for the blind: Seeing AI and OrCam MyEye},
  journal = {Assistive Technology},
  volume  = {33},
  number  = {2},
  pages   = {90--99},
  year    = {2021}
}

@article{Martins2022,
  author  = {Martins, Felipe and Silva, Joana},
  title   = {Desafios na implementação de tecnologias assistivas importadas em contextos brasileiros},
  journal = {Revista Brasileira de Tecnologia Assistiva},
  volume  = {7},
  number  = {1},
  pages   = {33--47},
  year    = {2022}
}

@article{Nguyen2020-feedback_strategies,
  author  = {Nguyen, Thuy and Rehman, Saif and Johnson, Mark},
  title   = {Auditory feedback strategies in assistive navigation: A comparative study},
  journal = {ACM Transactions on Accessible Computing},
  volume  = {13},
  number  = {4},
  pages   = {1--23},
  year    = {2020}
}

@article{Borges2023,
  author  = {Borges, Rafael and Mendes, Carla and Lima, Tainá},
  title   = {Reconhecimento de objetos em ambientes educacionais por meio de IA: adaptação contextual e eficácia},
  journal = {Revista de Inteligência Computacional Aplicada},
  volume  = {9},
  number  = {2},
  pages   = {54--72},
  year    = {2023}
}

@inproceedings{Agarwal2021-deeplearning,
  author = {Agarwal, Sameer and Cardie, Claire},
  title = {Deep Learning: A Critical Appraisal},
  booktitle = {Proceedings of the AAAI Conference on Artificial Intelligence},
  year = {2021}
}


@misc{Ultralytics2024,
  author = {Ultralytics},
  title = {YOLOv11 Documentation and Implementation Guide},
  year = {2024},
  howpublished = {\url{https://docs.ultralytics.com/}},
  note = {Acesso em: 08 maio 2025}
}

@inproceedings{Nguyen2020-smart_glasses,
  author = {Nguyen, Thuy and Rehman, Saif and Johnson, Mark},
  title = {Smart Glasses for Object Detection Using YOLO: Aids for the Visually Impaired},
  booktitle = {Proceedings of the International Conference on Assistive Technologies},
  year = {2020}
}

@article{Khan2021,
  author = {Khan, Imran and Ali, Zahid and Rauf, Abdul},
  title = {YOLO-Based Obstacle Detection and Navigation System for the Visually Impaired},
  journal = {International Journal of Computer Applications},
  volume = {183},
  number = {42},
  pages = {17--23},
  year = {2021}
}

@article{Li2022,
  author = {Li, Jian and Zhou, Mei and Zhang, Yong},
  title = {Limitations of YOLO in Challenging Outdoor Scenes: A Comparative Evaluation},
  journal = {Sensors},
  volume = {22},
  number = {4},
  pages = {1421--1436},
  year = {2022}
}

@article{Zhou2017,
  author = {Zhou, Bolei and Khosla, Aditya and Lapedriza, Agata and Oliva, Aude and Torralba, Antonio},
  title = {Places: A 10 million Image Database for Scene Recognition},
  journal = {IEEE Transactions on Pattern Analysis and Machine Intelligence},
  volume = {40},
  number = {6},
  pages = {1452--1464},
  year = {2017}
}

@misc{Tzutalin2015,
  author = {Tzutalin},
  title = {LabelImg: Labeling tool for object detection},
  year = {2015},
  howpublished = {\url{https://github.com/tzutalin/labelImg}},
  note = {Acesso em: 08 maio 2025}
}

@article{Shorten2019,
  author = {Shorten, Connor and Khoshgoftaar, Taghi M.},
  title = {A survey on Image Data Augmentation for Deep Learning},
  journal = {Journal of Big Data},
  volume = {6},
  number = {1},
  pages = {60},
  year = {2019}
}

@article{Milella2014,
  author = {Milella, Annalisa and Cicirelli, Gennaro and Distante, Arcangelo},
  title = {An Acoustic Guidance System for Visually Impaired People in Indoor Environments},
  journal = {Sensors},
  volume = {14},
  number = {1},
  pages = {634--654},
  year = {2014}
}


@article{Spagnol2018,
  author = {Spagnol, Simone and Zambonelli, Franco and Salvarani, Chiara},
  title = {Auditory Feedback Design for Assistive Navigation Interfaces: A Review},
  journal = {Journal of Accessibility and Design for All},
  volume = {8},
  number = {2},
  pages = {148--168},
  year = {2018}
}

@article{Akbar2022,
  author = {Akbar, Muhammad and Mehmood, Rashid and Qureshi, Bilal},
  title = {Designing Context-Aware Audio Feedback for Mobile Assistive Applications},
  journal = {Multimedia Tools and Applications},
  volume = {81},
  number = {3},
  pages = {3991--4013},
  year = {2022}
}

@article{Saeedi2021,
  author = {Saeedi, Soroosh and Loo, Ernest and Ng, Hon Keung Tony},
  title = {Wearable Assistive Devices for the Blind: A Survey},
  journal = {IEEE Access},
  volume = {9},
  pages = {128535--128558},
  year = {2021}
}

@misc{OrCam2022,
  author = {{OrCam Technologies}},
  title = {OrCam MyEye: Wearable Assistive Technology for the Blind and Visually Impaired},
  year = {2022},
  howpublished = {\url{https://www.orcam.com}},
  note = {Acesso em: 08 maio 2025}
}

@misc{Microsoft2023,
  author = {{Microsoft}},
  title = {Seeing AI - Talking Camera App for the Blind Community},
  year = {2023},
  howpublished = {\url{https://www.microsoft.com/en-us/ai/seeing-ai}},
  note = {Acesso em: 08 maio 2025}
}

@misc{Toyota2018,
  author = {Toyota},
  title = {Toyota Developing BLAID Wearable Mobility Device},
  year = {2018},
  howpublished = {\url{https://global.toyota/en/newsroom/corporate/21410284.html}},
  note = {Acesso em: 08 maio 2025}
}

@article{Pino2020,
  author = {Pino, Julian and Medina, Carlos and Torres, Andres},
  title = {Low-Cost Raspberry Pi-Based Assistive System for Visually Impaired People},
  journal = {Journal of Accessibility and Design for All},
  volume = {10},
  number = {1},
  pages = {1--19},
  year = {2020}
}

@article{Wentz2013,
  author = {Wentz, Brian and Lazar, Jonathan and Winckler, Marco},
  title = {A framework for identifying accessibility issues in software interfaces},
  journal = {Universal Access in the Information Society},
  volume = {12},
  pages = {315–331},
  year = {2013}
}

@inproceedings{Kintsch2002,
  author = {Kintsch, Agnes and DePaula, Rogerio},
  title = {A framework for the adoption of assistive technology},
  booktitle = {Proceedings of ASSETS},
  year = {2002}
}

@misc{Brooke1996,
  author = {Brooke, John},
  title = {SUS: A quick and dirty usability scale},
  howpublished = {Usability Evaluation in Industry},
  year = {1996}
}

@misc{W3C2023,
  author = {World Wide Web Consortium W3C},
  title = {Web Content Accessibility Guidelines (WCAG) 2.1},
  year = {2023},
  howpublished = {\url{https://www.w3.org/WAI/standards-guidelines/wcag}},
  note = {Acesso em: 08 maio 2025}
}

@article{Batavia1990,
  author = {Batavia, Andrew and Hammer, Gary},
  title = {Toward the development of consumer-based criteria for the evaluation of assistive devices},
  journal = {Journal of Rehabilitation Research and Development},
  volume = {27},
  number = {4},
  pages = {425--436},
  year = {1990}
}

@book{Story1998,
  author = {Story, Molly Follette and Mueller, James L. and Mace, Ron},
  title = {The Universal Design File: Designing for People of All Ages and Abilities},
  publisher = {The Center for Universal Design},
  year = {1998}
}

@article{Floridi2018,
  author = {Floridi, Luciano et al.},
  title = {AI4People—An Ethical Framework for a Good AI Society: Opportunities, Risks, Principles, and Recommendations},
  journal = {Minds and Machines},
  volume = {28},
  pages = {689--707},
  year = {2018}
}

@article{Jobin2019,
  author = {Jobin, Anna and Ienca, Marcello and Vayena, Effy},
  title = {The global landscape of AI ethics guidelines},
  journal = {Nature Machine Intelligence},
  volume = {1},
  pages = {389--399},
  year = {2019}
}

@inproceedings{Buolamwini2018,
  author = {Buolamwini, Joy and Gebru, Timnit},
  title = {Gender Shades: Intersectional Accuracy Disparities in Commercial Gender Classification},
  booktitle = {Proceedings of the Conference on Fairness, Accountability and Transparency (FAT)},
  pages = {77--91},
  year = {2018}
}

@article{Morley2020,
  author = {Morley, Jessica and Floridi, Luciano and Kinsey, Lucy and Elhalal, Anat},
  title = {From What to How: An Initial Review of Publicly Available AI Ethics Tools, Methods and Research to Translate Principles into Practices},
  journal = {Science and Engineering Ethics},
  volume = {26},
  pages = {2141--2168},
  year = {2020}
}

@book{Dignum2019,
  author = {Dignum, Virginia},
  title = {Responsible Artificial Intelligence: How to Develop and Use AI in a Responsible Way},
  publisher = {Springer},
  year = {2019}
}

@misc{MCTI2021,
  author = {Ministério da Ciência, Tecnologia e Inovações (MCTI)},
  title = {Estratégia Brasileira de Inteligência Artificial – EBIA},
  year = {2021},
  howpublished = {\url{https://www.gov.br/mcti/pt-br/acompanhe-o-mcti/transformacaodigital/estrategia-brasileira-de-inteligencia-artificial}},
  note = {Acesso em: 08 maio 2025}
}

@article{Canziani2016,
  author = {Canziani, Alfredo and Paszke, Adam and Culurciello, Eugenio},
  title = {An Analysis of Deep Neural Network Models for Practical Applications},
  journal = {arXiv preprint arXiv:1605.07678},
  year = {2016}
}


@article{Zhao2019,
  author = {Zhao, Zeming and Zheng, Qixiang and Wang, Ping and Lu, Hanqing},
  title = {Object Detection with Deep Learning: A Review},
  journal = {IEEE Transactions on Neural Networks and Learning Systems},
  volume = {30},
  number = {11},
  pages = {3212--3232},
  year = {2019}
}

@inproceedings{Tan2019,
  author = {Tan, Mingxing and Le, Quoc},
  title = {EfficientNet: Rethinking Model Scaling for Convolutional Neural Networks},
  booktitle = {Proceedings of the 36th International Conference on Machine Learning},
  year = {2019}
}

@misc{Univali2024,
  author = {{Universidade do Vale do Itajaí}},
  title = {IBGE aponta que mais de 6 milhões de pessoas têm deficiência visual no Brasil},
  year = {2024},
  howpublished = {\url{https://www.univali.br/noticias/Paginas/ibge-aponta-que-mais-de-6-milhoes-de-pessoas-tem-deficiencia-visual-no-brasil.aspx}},
  note = {Acesso em: 03 jun. 2025}
}